@misc{source03,
  author = "node.js",
  howpublished = "{http://www.nodejs.org/}"
}

@misc{source04,
  author = "mongoDB",
  howpublished = "{http://www.mongodb.org/}"
}

@misc{source05,
  author = "Linda",
  howpublished = "{http://linda.masuilab.org/}"
}

@misc{source08,
  author = "socket.io",
  howpublished = "{http://socket.io/}"
}
